@article{moayedi2013networked,
  title={Networked {LQG} control over unreliable channels},
  author={Moayedi, M. and Foo, Yung Kuan and Soh, Yeng Chai},
  journal={Int. J. Robust Nonlin. Control},
  volume={23},
  number={2},
  pages={167--189},
  year={2013},
  publisher={Wiley}
}
@book{hartfiel1998msc,
  title={Markov Set-Chains},
  author={Hartfiel, Darald J.},
  year={1998},
  series={Lecture Notes in Mathematics},
  volume={1695},
  publisher={Berlin, Germany: Springer-Verlag}
}
@article{impicciatore2024tac,
  title={Optimal output-feedback control over {Markov} wireless communication channels},
  author={Impicciatore, A. and {Zacchia Lun}, Y. and Pepe, P. and {D'Innocenzo}, A.},
  journal={IEEE Trans. Autom. Control},
  year={2024},
  volume={69},
  number={3},
  pages={1643--1658},
  doi={10.1109/TAC.2023.3328268}
}
@book{costa2006discrete,
  title={Discrete-time {Markov} jump linear systems},
  author={Costa, O.L.V. and Fragoso, M.D. and Marques, R.P.},
  year={2005},
  publisher={Springer}
}
@article{zacchialun2017ifac1,
  title={Robust {LQR} for time-inhomogeneous {Markov} jump switched linear systems},
  author={{Zacchia Lun}, Y. and {D'Innocenzo}, A. and {Di Benedetto}, M.D.},
  journal={IFAC-PapersOnLine},
  volume={50},
  number={1},
  pages={2199--2204},
  year={2017},
  organization={Elsevier},
  doi={10.1016/j.ifacol.2017.08.281}
}
@article{zacchialun2024access,
  author={{Zacchia Lun}, Y. and Rinaldi, C. and {D'Innocenzo}, A. and Santucci, F.},
  journal={IEEE Access}, 
  title={{Co-designing wireless networked control systems on {IEEE} 802.15.4-based links under {Wi-Fi} interference}}, 
  year={2024},
  volume={12},
  pages={71157--71183},
  doi={10.1109/ACCESS.2024.3402082}
}
@article{shi2021sub,
  title={Sub-/super-stochastic matrix with applications to bipartite tracking control over signed networks},
  author={Shi, L. and Zheng, W.X. and Shao, J. and Cheng, Y.},
  journal={SIAM J. Control Optim.},
  volume={59},
  number={6},
  pages={4563--4589},
  year={2021},
  publisher={SIAM}
}
@book{horn2012matrix,
  title={Matrix analysis},
  author={Horn, R.A. and Johnson, C.R.},
  year={2012},
  edition={2nd},
  publisher={Cambridge Univ. Press}
}
@article{shih1997asymptotic,
  title={Asymptotic stability and generalized {Gelfand} spectral radius formula},
  author={Shih, Mau-Hsiang and Wu, Jinn-Wen and Pang, Chin-Tzong},
  journal={Linear Algebra Appl.},
  volume={252},
  number={1--3},
  pages={61--70},
  year={1997},
  publisher={Elsevier}
}
@article{barabanov1988exponents,
  title={On the {Lyapunov} exponents of discrete inclusions},
  author={Barabanov, Nikita E.},  
  journal={Automat. Remote Control},
  volume={49},  
  number={2, 3, 5},
  pages={40--46, 24--29, 17--24},
  year={1988},
  note={In Russian}
}
@article{berger1992bounded,
  title={Bounded semigroups of matrices},
  author={Berger, Marc A. and Wang, Yang},
  journal={Linear Algebra Appl.},
  volume={166},
  pages={21--27},
  year={1992},
  doi={https://doi.org/10.1016/0024-3795(92)90267-E},
  publisher={Elsevier}
}
@article{daubechies1992sets,
  title={Sets of matrices all infinite products of which converge},
  author={Daubechies, Ingrid and Lagarias, Jeffrey C},
  journal={Linear Algebra Appl.},
  volume={161},
  pages={227--263},
  year={1992},
  publisher={Elsevier}
}
@inproceedings{cohen1978derivatives,
  title={Derivatives of the spectral radius as a function of non-negative matrix elements},
  author={Cohen, Joel E},
  booktitle={Mathematical Proceedings of the Cambridge Philosophical Society},
  volume={83},
  number={2},
  pages={183--190},
  year={1978}
}
@book{bertsekas1995dynamic,
  title={Dynamic programming and optimal control},
  author={Bertsekas, Dimitri P.},
  volume={I \& II},
  year={1995},
  publisher={Athena Scientific}
}
@book{rockafellar1997convex,
  title={Convex analysis},
  author={Rockafellar, Ralph T.},
  year={1997},
  publisher={Princeton Univ. Press}
}
@inproceedings{zacchialun2019ecc,
  title={Linear quadratic regulation of polytopic time-inhomogeneous {Markov} jump linear systems},
  author={{Zacchia Lun}, Yuriy and {Abate}, Alessandro and {D'Innocenzo}, Alessandro},
  booktitle={Eur. Control Conf. (ECC)},
  pages={4094--4099},
  year={2019},
  doi={10.23919/ECC.2019.8796279}
}
@article{park2018comm, 
  author={{Park}, P. and {Ergen}, S.C. and {Fischione}, C. and {Lu}, Chenyang and {Johansson}, K.H.}, 
  journal={IEEE Commun. Surveys Tut.}, 
  title={Wireless Network Design for Control Systems: A Survey}, 
  year={2018}, 
  volume={20}, 
  number={2}, 
  pages={978--1013}
}
@article{eisen2019iot,
  author={Eisen, M. and Rashid, M.M. and Gatsis, K. and Cavalcanti, D. and Himayat, N. and Ribeiro, A.},
  journal={IEEE Internet Things J.}, 
  title={Control Aware Radio Resource Allocation in Low Latency Wireless Control Systems}, 
  year={2019},
  volume={6},
  number={5},
  pages={7878--7890}
}
@article{pezzutto2020adaptive,
  title={Adaptive transmission rate for {LQG} control over {Wi-Fi}: A cross-layer approach},
  author={Pezzutto, M. and Tramarin, F. and Dey, S. and Schenato, L.},
  journal={Automatica},
  volume={119},
  pages={109092},
  year={2020},
  publisher={Elsevier}
}
@article{liu2021iot,
  author={Liu, Wanchun and Nair, G. and Li, Yonghui and Nesic, D. and Vucetic, B. and Poor, H.V.},
  journal={IEEE Internet Things J.}, 
  title={On the Latency, Rate, and Reliability Tradeoff in Wireless Networked Control Systems for {IIoT}}, 
  year={2021},
  volume={8},
  number={2},
  pages={723--733}
}
@article{schenato2007proc, 
  author={Schenato, L. and Sinopoli, B. and Franceschetti, M. and Poolla, K. and Sastry, S.S.}, 
  journal={Proc. IEEE}, 
  title={Foundations of Control and Estimation Over Lossy Networks}, 
  year={2007}, 
  volume={95}, 
  number={1}, 
  pages={163--187}
}
@article{gupta2009data,
  title={Data transmission over networks for estimation and control},
  author={Gupta, V. and Dana, A.F. and Hespanha, J.P. and Murray, R.M. and Hassibi, B.},
  journal={IEEE Trans. Autom. Control},
  volume={54},
  number={8},
  pages={1807--1819},
  year={2009},
  publisher={IEEE}
}
@article{heemels2010networked,
  title={Networked control systems with communication constraints: {T}radeoffs between transmission intervals, delays and performance},
  author={Heemels, W.P.M.H. and Teel, A.R. and {van de Wouw}, N. and Nesic, D.},
  journal={IEEE Trans. Autom. Control},
  volume={55},
  number={8},
  pages={1781--1796},
  year={2010},
  publisher={IEEE}
}
@article{goncalves2010signal,
  title={Markov jump linear systems and filtering through network transmitted measurements},
  journal={Signal Process.},
  publisher={Elsevier},
  volume={90},
  number={10},
  pages={2842--2850},
  year={2010},
  author={Gon\c{c}alves, A.P.C. and Fioravanti, A.R. and Geromel, J.C.}
}
@article{ding2011automatica,
  author={Ding, Baocang},
  title={Stabilization of linear systems over networks with bounded packet loss and its use in model predictive control},
  journal={Automatica},
  number={11},
  volume={47},
  pages={2526--2533},
  publisher={Elsevier},
  year={2011}
}
@article{pajic2011tac,
  author={Pajic, M. and Sundaram, S. and Pappas, G.J. and Mangharam, R.},
  journal={IEEE Trans. Autom. Control},
  title={The wireless control network: a new approach for control over networks},
  year={2011},
  volume={56},
  number={10},
  pages={2305--2318}
}
@article{minero2013tac,
  author={Minero, P. and Coviello, L. and Franceschetti, M.},
  journal={IEEE Trans. Autom. Control}, 
  title={Stabilization Over {Markov} Feedback Channels: The General Case}, 
  year={2013},
  volume={58},
  number={2},
  pages={349-362}
}
@article{quevedo2014tcst,
  author={Quevedo, D.E. and {\O}stergaard, J. and Ahl\'{e}n, A.},
  journal={IEEE Trans. Control Syst. Technol.}, 
  title={Power Control and Coding Formulation for State Estimation With Wireless Sensors}, 
  year={2014},
  volume={22},
  number={2},
  pages={413--427}
}
@article{fu2015optimal,
  title={An optimal compensation framework for linear quadratic {Gaussian} control over lossy networks},
  author={Yu, Jen-te and Fu, Li-Chen},
  journal={IEEE Trans. Autom. Control},
  volume={60},
  number={10},
  pages={2692--2697},
  year={2015},
  publisher={IEEE}
}
@inproceedings{zacchialun2019cdc,
  title={Stabilizability of {Markov} jump linear systems modeling wireless networked control scenarios},
  author={{Zacchia Lun}, Y. and {D'Innocenzo}, A.},
  booktitle={Conf. Decision Control (CDC)},
  pages={5766--5772},
  year={2019},
  organization={IEEE}
}
@inproceedings{impicciatore2022cdc, 
  author={Impicciatore, A. and Tsiamis, A. and {Zacchia Lun}, Y. and {D'Innocenzo}, A. and Pappas, G.J.},
  booktitle={Proc. IEEE Conf. Decision Control (CDC)}, 
  title={Secure state estimation over {Markov} wireless communication channels},
  year={2022},
  pages={2935--2940}
}
@article{sadeghi2008finite,
  title={Finite-state {Markov} modeling of fading channels--A survey of principles and applications},
  author={Sadeghi, P. and Kennedy, R. and Rapajic, P. and Shams, R.},
  journal={IEEE Signal Process. Mag.},
  volume={25},
  number={5},
  pages={57--80},
  year={2008},
  publisher={IEEE}
}
@article{zacchialun2019automatica,
  title={Robust stability of polytopic time-inhomogeneous {Markov} jump linear systems},
  author={{Zacchia Lun}, Yuriy and {D'Innocenzo}, Alessandro and {Di Benedetto}, Maria Domenica},
  journal={Automatica},
  volume={105},
  pages={286--297},
  year={2019},
}
@inproceedings{zacchialun2017cdc,
  title={Optimal robust control and a separation principle for polytopic time-inhomogeneous {Markov} jump linear systems},
  author={{Zacchia Lun}, Yuriy and {D'Innocenzo}, Alessandro and Abate, Alessandro and {Di Benedetto}, Maria Domenica},
  booktitle={Conf. Decision Control (CDC)},
  pages={6525--6530},
  year={2017},
}
@article{lu2018switching,
  title={A Switching Approach to Packet Loss Compensation Strategy},
  author={Lu, Zibao and Zhong, Shangpeng and Qu, Liguo},
  journal={IEEE Access},
  volume={7},
  pages={5609--5615},
  year={2018},
  publisher={IEEE}
}

@article{zhang2022novel,
  title={A novel approach to {$H_{\infty}$} performance analysis of discrete-time networked systems subject to network-induced delays and malicious packet dropouts},
  author={Zhang, Xian-Ming and Han, Qing-Long and Ge, Xiaohua},
  journal={Automatica},
  volume={136},
  pages={110010},
  year={2022},
  publisher={Elsevier}
}